@article{jollife2016principal,
  title={Principal component analysis: A review and recent developments},
  author={Jollife, Ian T and Cadima, Jorge},
  journal={Philos. Trans. R. Soc. A Math. Phys. Eng. Sci},
  volume={374},
  number={2065},
  pages={20150202},
  year={2016}
}

@article{bai2003computation,
  title={Computation and analysis of multiple structural change models},
  author={Bai, Jushan and Perron, Pierre},
  journal={Journal of applied econometrics},
  volume={18},
  number={1},
  pages={1--22},
  year={2003},
  publisher={Wiley Online Library}
}

@article{xu2017generalized,
  title={Generalized synthetic control method: Causal inference with interactive fixed effects models},
  author={Xu, Yiqing},
  journal={Political Analysis},
  volume={25},
  number={1},
  pages={57--76},
  year={2017},
  publisher={Cambridge University Press}
}

@article{abadie2010synthetic,
  title={Synthetic control methods for comparative case studies: Estimating the effect of California’s tobacco control program},
  author={Abadie, Alberto and Diamond, Alexis and Hainmueller, Jens},
  journal={Journal of the American statistical Association},
  volume={105},
  number={490},
  pages={493--505},
  year={2010},
  publisher={Taylor \& Francis}
}

@book{imbens2015causal,
  title={Causal inference in statistics, social, and biomedical sciences},
  author={Imbens, Guido W and Rubin, Donald B},
  year={2015},
  publisher={Cambridge University Press}
}

@article{abadie2011bias,
  title={Bias-corrected matching estimators for average treatment effects},
  author={Abadie, Alberto and Imbens, Guido W},
  journal={Journal of Business \& Economic Statistics},
  volume={29},
  number={1},
  pages={1--11},
  year={2011},
  publisher={Taylor \& Francis}
}

@article{abadie2006large,
  title={Large sample properties of matching estimators for average treatment effects},
  author={Abadie, Alberto and Imbens, Guido W},
  journal={econometrica},
  volume={74},
  number={1},
  pages={235--267},
  year={2006},
  publisher={Wiley Online Library}
}

@misc{card1993minimum,
  title={Minimum wages and employment: A case study of the fast food industry in New Jersey and Pennsylvania},
  author={Card, David and Krueger, Alan B},
  year={1993},
  publisher={National Bureau of Economic Research Cambridge, Mass., USA}
}

@article{ashenfelter1978estimating,
  title={Estimating the effect of training programs on earnings},
  author={Ashenfelter, Orley},
  journal={The Review of Economics and Statistics},
  pages={47--57},
  year={1978},
  publisher={JSTOR}
}

@article{rosenbaum1983central,
  title={The central role of the propensity score in observational studies for causal effects},
  author={Rosenbaum, Paul R and Rubin, Donald B},
  journal={Biometrika},
  volume={70},
  number={1},
  pages={41--55},
  year={1983},
  publisher={Oxford University Press}
}

@article{rubin1997estimating,
  title={Estimating causal effects from large data sets using propensity scores},
  author={Rubin, Donald B},
  journal={Annals of internal medicine},
  volume={127},
  number={8\_Part\_2},
  pages={757--763},
  year={1997},
  publisher={American College of Physicians}
}

@article{ben2021augmented,
  title={The augmented synthetic control method},
  author={Ben-Michael, Eli and Feller, Avi and Rothstein, Jesse},
  journal={Journal of the American Statistical Association},
  volume={116},
  number={536},
  pages={1789--1803},
  year={2021},
  publisher={Taylor \& Francis}
}

@article{arkhangelsky2021synthetic,
  title={Synthetic difference-in-differences},
  author={Arkhangelsky, Dmitry and Athey, Susan and Hirshberg, David A and Imbens, Guido W and Wager, Stefan},
  journal={American Economic Review},
  volume={111},
  number={12},
  pages={4088--4118},
  year={2021},
  publisher={American Economic Association 2014 Broadway, Suite 305, Nashville, TN 37203}
}

@article{athey2021matrix,
  title={Matrix completion methods for causal panel data models},
  author={Athey, Susan and Bayati, Mohsen and Doudchenko, Nikolay and Imbens, Guido and Khosravi, Khashayar},
  journal={Journal of the American Statistical Association},
  volume={116},
  number={536},
  pages={1716--1730},
  year={2021},
  publisher={Taylor \& Francis}
}

@article{kelly2020instrumented,
  title={Instrumented principal component analysis},
  author={Kelly, Bryan T and Pruitt, Seth and Su, Yinan},
  journal={Available at SSRN 2983919},
  year={2020}
}

@article{kelly2019characteristics,
  title={Characteristics are covariances: A unified model of risk and return},
  author={Kelly, Bryan T and Pruitt, Seth and Su, Yinan},
  journal={Journal of Financial Economics},
  volume={134},
  number={3},
  pages={501--524},
  year={2019},
  publisher={Elsevier}
}

@article{feng2020taming,
  title={Taming the factor zoo: A test of new factors},
  author={Feng, Guanhao and Giglio, Stefano and Xiu, Dacheng},
  journal={The Journal of Finance},
  volume={75},
  number={3},
  pages={1327--1370},
  year={2020},
  publisher={Wiley Online Library}
}

@article{brave2009chicago,
  title={The Chicago fed national activity index and business cycles},
  author={Brave, Scott},
  journal={Chicago Fed Letter},
  number={Nov},
  year={2009},
  publisher={Federal Reserve Bank of Chicago}
}

@article{splawa1990application,
  title={On the application of probability theory to agricultural experiments. Essay on principles. Section 9.},
  author={Neyman, Jerzy},
  journal={Statistical Science},
  pages={465--472},
  year={1932},
  publisher={JSTOR}
}

@article{rubin1974estimating,
  title={Estimating causal effects of treatments in randomized and nonrandomized studies.},
  author={Rubin, Donald B},
  journal={Journal of educational Psychology},
  volume={66},
  number={5},
  pages={688},
  year={1974},
  publisher={American Psychological Association}
}

@article{rubin2005causal,
  title={Causal inference using potential outcomes: Design, modeling, decisions},
  author={Rubin, Donald B},
  journal={Journal of the American Statistical Association},
  volume={100},
  number={469},
  pages={322--331},
  year={2005},
  publisher={Taylor \& Francis}
}

@article{bai2009panel,
  title={Panel data models with interactive fixed effects},
  author={Bai, Jushan},
  journal={Econometrica},
  volume={77},
  number={4},
  pages={1229--1279},
  year={2009},
  publisher={Wiley Online Library}
}

@article{stock2002forecasting,
  title={Forecasting using principal components from a large number of predictors},
  author={Stock, James H and Watson, Mark W},
  journal={Journal of the American statistical association},
  volume={97},
  number={460},
  pages={1167--1179},
  year={2002},
  publisher={Taylor \& Francis}
}

@article{eberhardt2009cross,
  title={Cross-section dependence in nonstationary panel models: a novel estimator},
  author={Eberhardt, Markus and Bond, Stephen},
  year={2009}
}

@article{pesaran2006estimation,
  title={Estimation and inference in large heterogeneous panels with a multifactor error structure},
  author={Pesaran, M Hashem},
  journal={Econometrica},
  volume={74},
  number={4},
  pages={967--1012},
  year={2006},
  publisher={Wiley Online Library}
}

@article{gobillon2016regional,
  title={Regional policy evaluation: Interactive fixed effects and synthetic controls},
  author={Gobillon, Laurent and Magnac, Thierry},
  journal={Review of Economics and Statistics},
  volume={98},
  number={3},
  pages={535--551},
  year={2016},
  publisher={The MIT Press}
}

@book{jolliffe2002principal,
  title={Principal component analysis for special types of data},
  author={Jolliffe, Ian T},
  year={2002},
  publisher={Springer}
}

@article{chernozhukov2021exact,
  title={An exact and robust conformal inference method for counterfactual and synthetic controls},
  author={Chernozhukov, Victor and W{\"u}thrich, Kaspar and Zhu, Yinchu},
  journal={Journal of the American Statistical Association},
  volume={116},
  number={536},
  pages={1849--1864},
  year={2021},
  publisher={Taylor \& Francis}
}

@article{shafer2008tutorial,
  title={A tutorial on conformal prediction.},
  author={Shafer, Glenn and Vovk, Vladimir},
  journal={Journal of Machine Learning Research},
  volume={9},
  number={3},
  year={2008}
}

@article{roth2023s,
  title={What’s trending in difference-in-differences? A synthesis of the recent econometrics literature},
  author={Roth, Jonathan and Sant’Anna, Pedro HC and Bilinski, Alyssa and Poe, John},
  journal={Journal of Econometrics},
  volume={235},
  number={2},
  pages={2218--2244},
  year={2023},
  publisher={Elsevier}
}

@article{imbens2024causal,
  title={Causal Inference in the Social Sciences},
  author={Imbens, Guido W},
  journal={Annual Review of Statistics and Its Application},
  volume={11},
  year={2024},
  publisher={Annual Reviews}
}

@article{hsiao2012panel,
  title={A panel data approach for program evaluation: measuring the benefits of political and economic integration of Hong Kong with mainland China},
  author={Hsiao, Cheng and Steve Ching, H and Ki Wan, Shui},
  journal={Journal of Applied Econometrics},
  volume={27},
  number={5},
  pages={705--740},
  year={2012},
  publisher={Wiley Online Library}
}

@article{chan2016policy,
  title={Policy evaluation with interactive fixed effects},
  author={Chan, Marc and Kwok, Simon and others},
  journal={Preprint. Available at https://ideas. repec. org/p/syd/wpaper/2016-11. html},
  year={2016}
}

@article{li2018inference,
  title={Inference for factor model based average treatment effects},
  author={Li, Kathleen},
  journal={Available at SSRN 3112775},
  year={2018}
}

@article{hansen2019factor,
  title={The factor-lasso and k-step bootstrap approach for inference in high-dimensional economic applications},
  author={Hansen, Christian and Liao, Yuan},
  journal={Econometric Theory},
  volume={35},
  number={3},
  pages={465--509},
  year={2019},
  publisher={Cambridge University Press}
}

@article{connor1993test,
  title={A test for the number of factors in an approximate factor model},
  author={Connor, Gregory and Korajczyk, Robert A},
  journal={the Journal of Finance},
  volume={48},
  number={4},
  pages={1263--1291},
  year={1993},
  publisher={Wiley Online Library}
}

@article{bai2002determining,
  title={Determining the number of factors in approximate factor models},
  author={Bai, Jushan and Ng, Serena},
  journal={Econometrica},
  volume={70},
  number={1},
  pages={191--221},
  year={2002},
  publisher={Wiley Online Library}
}

@article{higham2009cholesky,
  title={Cholesky factorization},
  author={Higham, Nicholas J},
  journal={Wiley interdisciplinary reviews: computational statistics},
  volume={1},
  number={2},
  pages={251--254},
  year={2009},
  publisher={Wiley Online Library}
}

@article{arnorsson2018causes,
  title={On the causes of Brexit},
  author={Arnorsson, Agust and Zoega, Gylfi},
  journal={European Journal of Political Economy},
  volume={55},
  pages={301--323},
  year={2018},
  publisher={Elsevier}
}

@article{colantone2018global,
  title={Global competition and Brexit},
  author={Colantone, Italo and Stanig, Piero},
  journal={American political science review},
  volume={112},
  number={2},
  pages={201--218},
  year={2018},
  publisher={Cambridge University Press}
}

@article{dhingra2016impact,
  title={The impact of Brexit on foreign investment in the UK},
  author={Dhingra, Swati and Ottaviano, Gianmarco and Sampson, Thomas and Van Reenen, John},
  journal={BREXIT 2016},
  volume={24},
  number={2},
  pages={1--10},
  year={2016}
}

@article{welfens2018brexit,
  title={BREXIT and foreign direct investment: Key issues and new empirical findings},
  author={Welfens, Paul JJ and Baier, Fabian J},
  journal={International Journal of Financial Studies},
  volume={6},
  number={2},
  pages={46},
  year={2018},
  publisher={MDPI}
}